<?xml version = "1.0" encoding = "UTF-8"?><record>
  <leader>01274nam#a2200397#c#4500</leader>
  <controlfield tag="005">20210409152845.0</controlfield>
  <controlfield tag="007">tu</controlfield>
  <controlfield tag="008">190308|2003####xxu###########|||#|#eng#c</controlfield>
  <controlfield tag="003">DE-605</controlfield>
  <controlfield tag="001">990228047810206441</controlfield>
  <datafield tag="020" ind1=" " ind2=" ">
    <subfield code="a">0691091706</subfield>
    <subfield code="c">(alk. paper)</subfield>
    <subfield code="9">0-691-09170-6</subfield>
    <subfield code="0">(uri) http://www.isbnsearch.org/isbn/0691091706</subfield>
  </datafield>
  <datafield tag="020" ind1=" " ind2=" ">
    <subfield code="a">0691091714</subfield>
    <subfield code="c">(pbk. : alk. paper)</subfield>
    <subfield code="9">0-691-09171-4</subfield>
    <subfield code="0">(uri) http://www.isbnsearch.org/isbn/0691091714</subfield>
  </datafield>
  <datafield tag="035" ind1=" " ind2=" ">
    <subfield code="a">(DE-605)HT019996406</subfield>
  </datafield>
  <datafield tag="040" ind1=" " ind2=" ">
    <subfield code="a">361</subfield>
    <subfield code="b">ger</subfield>
    <subfield code="e">rda</subfield>
  </datafield>
  <datafield tag="041" ind1=" " ind2=" ">
    <subfield code="a">eng</subfield>
  </datafield>
  <datafield tag="044" ind1=" " ind2=" ">
    <subfield code="c">XD-US</subfield>
  </datafield>
  <datafield tag="100" ind1="1" ind2=" ">
    <subfield code="a">Faure, Bernard</subfield>
    <subfield code="d">1948-</subfield>
    <subfield code="0">(DE-588)118188895</subfield>
    <subfield code="4">aut</subfield>
    <subfield code="0">(uri) https://portal.dnb.de/opac.htm?method=simpleSearch&amp;cqlMode=true&amp;query=idn=118188895</subfield>
    <subfield code="0">(uri) http://viaf.org/viaf/sourceID/DNB|118188895</subfield>
    <subfield code="B">GND-118188895</subfield>
  </datafield>
  <datafield tag="245" ind1="1" ind2="0">
    <subfield code="a">&lt;&lt;The&gt;&gt; power of denial</subfield>
    <subfield code="b">Buddhism, purity, and gender</subfield>
    <subfield code="c">Bernard Faure</subfield>
  </datafield>
  <datafield tag="264" ind1=" " ind2="1">
    <subfield code="a">Princeton</subfield>
    <subfield code="a">Oxford</subfield>
    <subfield code="b">Princeton University Press</subfield>
  </datafield>
  <datafield tag="264" ind1=" " ind2="1">
    <subfield code="c">2003</subfield>
  </datafield>
  <datafield tag="300" ind1=" " ind2=" ">
    <subfield code="a">ix, 466 Seiten</subfield>
  </datafield>
  <datafield tag="336" ind1=" " ind2=" ">
    <subfield code="b">txt</subfield>
  </datafield>
  <datafield tag="337" ind1=" " ind2=" ">
    <subfield code="b">n</subfield>
  </datafield>
  <datafield tag="338" ind1=" " ind2=" ">
    <subfield code="b">nc</subfield>
  </datafield>
  <datafield tag="490" ind1="0" ind2=" ">
    <subfield code="a">Buddhisms</subfield>
  </datafield>
  <datafield tag="505" ind1="8" ind2=" ">
    <subfield code="a">Publisher description: http://www.loc.gov/catdir/description/prin031/2002066257.html</subfield>
  </datafield>
  <datafield tag="650" ind1=" " ind2="0">
    <subfield code="a">Women / Religious aspects / Buddhism</subfield>
  </datafield>
  <datafield tag="650" ind1=" " ind2="0">
    <subfield code="a">Sex / Religious aspects / Buddhism</subfield>
  </datafield>
  <datafield tag="650" ind1=" " ind2="0">
    <subfield code="a">Buddhism / Doctrines</subfield>
  </datafield>
  <datafield tag="689" ind1="0" ind2="0">
    <subfield code="a">Buddhismus</subfield>
    <subfield code="D">s</subfield>
    <subfield code="0">(DE-588)4008690-2</subfield>
    <subfield code="0">(uri) https://portal.dnb.de/opac.htm?method=simpleSearch&amp;cqlMode=true&amp;query=idn=040086909</subfield>
    <subfield code="0">(uri) http://viaf.org/viaf/sourceID/DNB|040086909</subfield>
    <subfield code="B">GND-040086909</subfield>
  </datafield>
  <datafield tag="689" ind1="0" ind2="1">
    <subfield code="a">Frau</subfield>
    <subfield code="D">s</subfield>
    <subfield code="0">(DE-588)4018202-2</subfield>
    <subfield code="0">(uri) https://portal.dnb.de/opac.htm?method=simpleSearch&amp;cqlMode=true&amp;query=idn=040182029</subfield>
    <subfield code="0">(uri) http://viaf.org/viaf/sourceID/DNB|040182029</subfield>
    <subfield code="B">GND-040182029</subfield>
  </datafield>
  <datafield tag="689" ind1="0" ind2="2">
    <subfield code="a">Geschlechterrolle</subfield>
    <subfield code="D">s</subfield>
    <subfield code="0">(DE-588)4071776-8</subfield>
    <subfield code="0">(uri) https://portal.dnb.de/opac.htm?method=simpleSearch&amp;cqlMode=true&amp;query=idn=040717763</subfield>
    <subfield code="0">(uri) http://viaf.org/viaf/sourceID/DNB|040717763</subfield>
    <subfield code="B">GND-040717763</subfield>
  </datafield>
  <datafield tag="964" ind1="0" ind2="s">
    <subfield code="F">030</subfield>
    <subfield code="A">a|1ur||||||17</subfield>
  </datafield>
  <datafield tag="964" ind1="0" ind2="s">
    <subfield code="F">050</subfield>
    <subfield code="A">a|||||||||||||</subfield>
  </datafield>
  <datafield tag="964" ind1="0" ind2="s">
    <subfield code="F">051</subfield>
    <subfield code="A">s|||||||</subfield>
  </datafield>
  <datafield tag="035" ind1=" " ind2=" ">
    <subfield code="a">(DE-599)HBZHT019996406</subfield>
  </datafield>
  <datafield tag="MBD" ind1=" " ind2=" ">
    <subfield code="M">49HBZ_NETWORK</subfield>
    <subfield code="i">990228047810206441</subfield>
    <subfield code="n">HBZ Network</subfield>
  </datafield>
  <datafield tag="MBD" ind1=" " ind2=" ">
    <subfield code="M">49HBZ_BIE</subfield>
    <subfield code="i">991003250889706442</subfield>
    <subfield code="n">UB Bielefeld</subfield>
  </datafield>
  <datafield tag="020" ind1=" " ind2=" ">
    <subfield code="a">0691091706</subfield>
    <subfield code="c">(alk. paper)</subfield>
    <subfield code="9">0-691-09170-6</subfield>
    <subfield code="M">49HBZ_BIE</subfield>
  </datafield>
  <datafield tag="020" ind1=" " ind2=" ">
    <subfield code="a">0691091714</subfield>
    <subfield code="c">(pbk. : alk. paper)</subfield>
    <subfield code="9">0-691-09171-4</subfield>
    <subfield code="M">49HBZ_BIE</subfield>
  </datafield>
  <datafield tag="980" ind1="1" ind2=" ">
    <subfield code="a">TAN-2019-03</subfield>
    <subfield code="e">HBZ</subfield>
    <subfield code="9">LOCAL</subfield>
    <subfield code="M">49HBZ_BIE</subfield>
  </datafield>
  <datafield tag="981" ind1=" " ind2=" ">
    <subfield code="a">(DE-361)2567963</subfield>
    <subfield code="9">LOCAL</subfield>
    <subfield code="M">49HBZ_BIE</subfield>
  </datafield>
  <datafield tag="997" ind1=" " ind2=" ">
    <subfield code="a">20190308</subfield>
    <subfield code="9">LOCAL</subfield>
    <subfield code="M">49HBZ_BIE</subfield>
  </datafield>
  <datafield tag="MNG" ind1=" " ind2=" ">
    <subfield code="c">System</subfield>
    <subfield code="f">ILS</subfield>
    <subfield code="i">marc21</subfield>
    <subfield code="k">01</subfield>
    <subfield code="e">false</subfield>
    <subfield code="d">2021-04-09 15:28:45 Europe/Berlin</subfield>
    <subfield code="g">022804781-HBZ01</subfield>
    <subfield code="j">60</subfield>
    <subfield code="a">import</subfield>
    <subfield code="b">2021-04-06 02:28:01 Europe/Berlin</subfield>
  </datafield>
  <datafield tag="H52" ind1="8" ind2=" ">
    <subfield code="b">UB_BI</subfield>
    <subfield code="c">27_Mono</subfield>
    <subfield code="h">AZ714 F265</subfield>
    <subfield code="8">22304779600006442</subfield>
  </datafield>
  <datafield tag="HOL" ind1=" " ind2=" ">
    <subfield code="b">2021-04-19 06:38:47</subfield>
    <subfield code="8">22304779600006442</subfield>
    <subfield code="M">49HBZ_BIE</subfield>
    <subfield code="g">false</subfield>
    <subfield code="a">import</subfield>
  </datafield>
  <datafield tag="ITM" ind1=" " ind2=" ">
    <subfield code="H">22304779600006442</subfield>
    <subfield code="x">27_Mono</subfield>
    <subfield code="f">BOOK</subfield>
    <subfield code="v">27_Mono</subfield>
    <subfield code="p">item_08</subfield>
    <subfield code="X">Cutover_Fix_OSID</subfield>
    <subfield code="U">2021-04-18 10:59:00</subfield>
    <subfield code="Y">2021-04-19 06:39:14</subfield>
    <subfield code="h">false</subfield>
    <subfield code="M">49HBZ_BIE</subfield>
    <subfield code="s">1</subfield>
    <subfield code="d">8</subfield>
    <subfield code="V">import</subfield>
    <subfield code="L">Abteilung/Standort/Haushaltsstufe: 27 | SISIS-Magazindrucker: 0 | HBZ01: HT019996406 | Keine Beilagen: 1</subfield>
    <subfield code="b">278/4480208+01</subfield>
    <subfield code="O">SISIS-Ausleihz&#228;hler vorletztes Migrationsjahr: 2 | SISIS-Vormerkz&#228;hler Migrationsjahr: 0 | SISIS-vorletztes R&#252;ckgabedatum: 2019-07-16 | SISIS-Buchdaten-Aufnahmedatum: 2019-03-08</subfield>
    <subfield code="N">Fernleihkonditionen: 0 | Sigel: 361 | Klassifikation: 27_Mono | Altersbegrenzung: 0 | SISIS-Ausleihz&#228;hler Migrationsjahr: 0 | SISIS-Ausleihz&#228;hler Vor-Migrationsjahr: 1</subfield>
    <subfield code="a">23304779550006442</subfield>
    <subfield code="c">AZ714 F265</subfield>
    <subfield code="B">19-1779</subfield>
    <subfield code="W">2021-04-19 06:38:47</subfield>
    <subfield code="u">UB_BI</subfield>
    <subfield code="w">UB_BI</subfield>
  </datafield>
  <datafield tag="GSI" ind1="7" ind2=" ">
    <subfield code="a">http://d-nb.info/gnd/118188895</subfield>
    <subfield code="2">uri</subfield>
    <subfield code="A">GND</subfield>
    <subfield code="B">GND-118188895</subfield>
    <subfield code="C">024</subfield>
  </datafield>
  <datafield tag="GST" ind1=" " ind2=" ">
    <subfield code="a">Gender</subfield>
    <subfield code="g">Soziale Rolle</subfield>
    <subfield code="A">GND</subfield>
    <subfield code="B">GND-040717763</subfield>
    <subfield code="C">450</subfield>
  </datafield>
  <datafield tag="GST" ind1=" " ind2=" ">
    <subfield code="a">Geschlechtsrolle</subfield>
    <subfield code="A">GND</subfield>
    <subfield code="B">GND-040717763</subfield>
    <subfield code="C">450</subfield>
  </datafield>
  <datafield tag="GST" ind1=" " ind2=" ">
    <subfield code="a">Soziales Geschlecht</subfield>
    <subfield code="A">GND</subfield>
    <subfield code="B">GND-040717763</subfield>
    <subfield code="C">450</subfield>
  </datafield>
  <datafield tag="GSI" ind1="7" ind2=" ">
    <subfield code="a">http://d-nb.info/gnd/4071776-8</subfield>
    <subfield code="2">uri</subfield>
    <subfield code="A">GND</subfield>
    <subfield code="B">GND-040717763</subfield>
    <subfield code="C">024</subfield>
  </datafield>
  <datafield tag="GST" ind1=" " ind2=" ">
    <subfield code="a">Erwachsene Frau</subfield>
    <subfield code="A">GND</subfield>
    <subfield code="B">GND-040182029</subfield>
    <subfield code="C">450</subfield>
  </datafield>
  <datafield tag="GST" ind1=" " ind2=" ">
    <subfield code="a">Weib</subfield>
    <subfield code="9">v:veralteter Begriff</subfield>
    <subfield code="A">GND</subfield>
    <subfield code="B">GND-040182029</subfield>
    <subfield code="C">450</subfield>
  </datafield>
  <datafield tag="GST" ind1=" " ind2=" ">
    <subfield code="a">Weibliche Erwachsene</subfield>
    <subfield code="A">GND</subfield>
    <subfield code="B">GND-040182029</subfield>
    <subfield code="C">450</subfield>
  </datafield>
  <datafield tag="GST" ind1=" " ind2=" ">
    <subfield code="a">Frauen</subfield>
    <subfield code="A">GND</subfield>
    <subfield code="B">GND-040182029</subfield>
    <subfield code="C">450</subfield>
  </datafield>
  <datafield tag="GSI" ind1="7" ind2=" ">
    <subfield code="a">http://d-nb.info/gnd/4018202-2</subfield>
    <subfield code="2">uri</subfield>
    <subfield code="A">GND</subfield>
    <subfield code="B">GND-040182029</subfield>
    <subfield code="C">024</subfield>
  </datafield>
  <datafield tag="GSI" ind1="7" ind2=" ">
    <subfield code="a">http://d-nb.info/gnd/4008690-2</subfield>
    <subfield code="2">uri</subfield>
    <subfield code="A">GND</subfield>
    <subfield code="B">GND-040086909</subfield>
    <subfield code="C">024</subfield>
  </datafield>
</record>